<record><leader>00000cas a22000007a 4500</leader><controlfield tag="001">14773335</controlfield><controlfield tag="008">861120d18931909paudn ne      0    0eng d</controlfield><datafield ind1=" " ind2=" " tag="010"><subfield code="a">sn 86083371 </subfield></datafield><datafield ind1=" " ind2=" " tag="040"><subfield code="a">NPH</subfield><subfield code="b">eng</subfield><subfield code="c">NPH</subfield><subfield code="d">OCLCQ</subfield></datafield><datafield ind1=" " ind2=" " tag="042"><subfield code="a">msc</subfield></datafield><datafield ind1="0" ind2=" " tag="130"><subfield code="a">Daily republican (Doylestown, Pa.)</subfield></datafield><datafield ind1="1" ind2="4" tag="245"><subfield code="a">The daily republican.</subfield></datafield><datafield ind1=" " ind2=" " tag="260"><subfield code="a">Doylestown, Pa. :</subfield><subfield code="b">Republican Print. Co.,</subfield><subfield code="c">1893-</subfield></datafield><datafield ind1=" " ind2=" " tag="300"><subfield code="a">v. :</subfield><subfield code="b">ill. ;</subfield><subfield code="c">54 cm.</subfield></datafield><datafield ind1=" " ind2=" " tag="310"><subfield code="a">Daily (except Sunday)</subfield></datafield><datafield ind1="0" ind2=" " tag="362"><subfield code="a">Vol. 1, no. 1 (Nov. 1, 1893)-</subfield></datafield><datafield ind1="1" ind2=" " tag="362"><subfield code="a">Ceased in 1909.</subfield><subfield code="z">Cf. Rossell, G. Pa. newspapers.</subfield></datafield><datafield ind1=" " ind2=" " tag="500"><subfield code="a">Published every afternoon.</subfield></datafield><datafield ind1=" " ind2=" " tag="752"><subfield code="a">United States</subfield><subfield code="b">Pennsylvania</subfield><subfield code="c">Bucks</subfield><subfield code="d">Doylestown.</subfield></datafield><datafield ind1="0" ind2=" " tag="775"><subfield code="t">Bucks County Republican (Doylestown, Pa. : 1893)</subfield><subfield code="w">(DLC)sn 89077212</subfield></datafield></record>